<?xml version="1.0" encoding="UTF-8"?><collection><record><leader>03850ntm a2200469 a 4500</leader><controlfield tag="001">006818237</controlfield><controlfield tag="003">MiAaHDL</controlfield><controlfield tag="005">20190719000000.0</controlfield><controlfield tag="006">m        d        </controlfield><controlfield tag="007">cr bn ---auaua</controlfield><controlfield tag="008">090612q18411848xx            00| ||ota d</controlfield><datafield tag="035" ind1=" " ind2=" "><subfield code="a">(MiU)006818237</subfield></datafield><datafield tag="035" ind1=" " ind2=" "><subfield code="a">sdr-miu006818237</subfield></datafield><datafield tag="040" ind1=" " ind2=" "><subfield code="a">MiU</subfield><subfield code="c">MiU</subfield><subfield code="e">amremm</subfield></datafield><datafield tag="041" ind1="0" ind2=" "><subfield code="a">ota</subfield></datafield><datafield tag="043" ind1=" " ind2=" "><subfield code="a">n-us-mi</subfield></datafield><datafield tag="245" ind1="0" ind2="0"><subfield code="6">880-03</subfield><subfield code="a">[Hikmet-i tabiiye defteri,</subfield><subfield code="f">mid 19th century].</subfield></datafield><datafield tag="260" ind1=" " ind2=" "><subfield code="c">[1841-1848].</subfield></datafield><datafield tag="300" ind1=" " ind2=" "><subfield code="a">36 leaves :</subfield><subfield code="b">paper ;</subfield><subfield code="c">170 x 120 (125 x 76) mm.</subfield></datafield><datafield tag="500" ind1=" " ind2=" "><subfield code="a">Shelfmark: Ann Arbor, University of Michigan, Special Collections Library, Isl. Ms. 831</subfield></datafield><datafield tag="500" ind1=" " ind2=" "><subfield code="a">Origin: Lacks dated colophon, though date 1257 [1841 or 2] appears in text (pp.16, 20, and 38) ; statement signed Emin Efendi and dated 1848 provides a terminus ante quem of 1848 ; paper, etc. certainly suggest 19th century.</subfield></datafield><datafield tag="500" ind1=" " ind2=" "><subfield code="a">Binding: Marbled paper cover (mainly in blue and brown, single sheet, limp binding without boards) ; sewn in heavy dark blue to black thread, eight stations ; overall in somewhat poor condition with some abrasion, staining, tears losses, etc.</subfield></datafield><datafield tag="500" ind1=" " ind2=" "><subfield code="a">Support: European laid paper (as well as a few bifolia in wove paper) ; mainly with 13-14 laid lines per cm. (horizontal) and chain lines spaced 24 mm. apart (vertical), beige, sturdy and well-burnished ; another type with 12-13 laid lines per cm. (horizontal), chain lines spaced 23-24 mm. apart (vertical), and watermark of arms / shield with crown above (see p.6, etc.).</subfield></datafield><datafield tag="500" ind1=" " ind2=" "><subfield code="a">Decoration: Headings, keywords, numerals and other symbols rubricated ; written area of many pages surrounded by rule-border ; many diagrams and tables, as well as two colored illustrations showing ships at sea (see p.9 and p.11).</subfield></datafield><datafield tag="500" ind1=" " ind2=" "><subfield code="a">Script: Ruqʻah ; fairly clear Turkish hand ; serifless with slight effect of inclination to the left and of words descending to baseline, highly ligatured, pointing in strokes rather than distinct dots, closed counters ; notes in several other hands.</subfield></datafield><datafield tag="500" ind1=" " ind2=" "><subfield code="a">Layout: Highly variable, as written area often contains diagrams, tables or lines of arithmetic along with problem statement.</subfield></datafield><datafield tag="500" ind1=" " ind2=" "><subfield code="a">Collation: XVIII (36) ; single gathering of 18 bifolia ; some leaves ruled but left blank ; catchwords present ; pagination in pencil, Western numerals, supplied during digitization.</subfield></datafield><datafield tag="500" ind1=" " ind2=" "><subfield code="a">Title supplied by cataloguer.</subfield></datafield><datafield tag="500" ind1=" " ind2=" "><subfield code="a">Ms. codex.</subfield></datafield><datafield tag="520" ind1="8" ind2=" "><subfield code="a">Carefully executed physics (physical sciences or natural sciences, i.e. hikmet-i tabiiye) notebook containing numerous sample problems (with problem statement, solution and any diagrams), tables and notes.</subfield></datafield><datafield tag="538" ind1=" " ind2=" "><subfield code="a">Mode of access: Internet.</subfield></datafield><datafield tag="541" ind1=" " ind2=" "><subfield code="a">Purchased in Cairo, 1933/34.</subfield></datafield><datafield tag="546" ind1=" " ind2=" "><subfield code="a">Ottoman Turkish.</subfield></datafield><datafield tag="561" ind1=" " ind2=" "><subfield code="a">Inscription in pencil on 'title page' (p.1) supposedly describing contents "Turkish Astronomical Tables" ; numerous notes (often problems with solutions) and former owners' marks at opening and close of codex, many dated, including notes on p.63 dated Ramaḍān 1262 [September 1845], statement on p.68 signed "Emin Efendi" dated 1848, statements on p.69 dated 1847, 1848, 1849, 1266 [i.e. 1850], etc.</subfield></datafield><datafield tag="650" ind1=" " ind2="0"><subfield code="a">Manuscripts, Turkish</subfield><subfield code="z">Michigan</subfield><subfield code="z">Ann Arbor.</subfield></datafield><datafield tag="650" ind1=" " ind2="0"><subfield code="a">Physics</subfield><subfield code="x">Study and teaching</subfield><subfield code="z">Turkey</subfield><subfield code="y">19th century.</subfield></datafield><datafield tag="650" ind1=" " ind2="0"><subfield code="a">School notebooks</subfield><subfield code="z">Turkey</subfield><subfield code="y">19th century.</subfield></datafield><datafield tag="651" ind1=" " ind2="0"><subfield code="a">Turkey</subfield><subfield code="x">History</subfield><subfield code="y">Ottoman Empire, 1288-1918</subfield><subfield code="v">Sources.</subfield></datafield><datafield tag="700" ind1="0" ind2=" "><subfield code="a">امين افندى,</subfield><subfield code="e">مالك سابق.</subfield></datafield><datafield tag="700" ind1="0" ind2=" "><subfield code="a">Emin Efendi,</subfield><subfield code="d">fl. 1848,</subfield><subfield code="e">former owner.</subfield></datafield><datafield tag="773" ind1="0" ind2=" "><subfield code="a">Tracy W. McGregor Collection of Arabic, Persian, and Turkish Mathematical and Astronomical Manuscripts.</subfield></datafield><datafield tag="880" ind1="0" ind2="0"><subfield code="6">245-03/</subfield><subfield code="a">[حكمت طبيعيه دفترى,</subfield><subfield code="f">اواسط القرن 19م].</subfield></datafield><datafield tag="CID" ind1=" " ind2=" "><subfield code="a">006818237</subfield></datafield><datafield tag="DAT" ind1="0" ind2=" "><subfield code="a">20190719102639.0</subfield><subfield code="b">20190719000000.0</subfield></datafield><datafield tag="DAT" ind1="1" ind2=" "><subfield code="a">20190719090653.0</subfield><subfield code="b">2019-07-19T16:10:27Z</subfield></datafield><datafield tag="DAT" ind1="2" ind2=" "><subfield code="a">2015-10-02T18:00:03Z</subfield></datafield><datafield tag="CAT" ind1=" " ind2=" "><subfield code="a">SDR-MIU</subfield><subfield code="d">EX LIBRIS - ALEPH</subfield><subfield code="l">prepare.pl-004-008</subfield></datafield><datafield tag="FMT" ind1=" " ind2=" "><subfield code="a">BK</subfield></datafield><datafield tag="HOL" ind1=" " ind2=" "><subfield code="0">sdr-miu006818237</subfield><subfield code="a">MiU</subfield><subfield code="b">SDR</subfield><subfield code="c">MIU</subfield><subfield code="p">mdp.39015079129873</subfield><subfield code="s">MIU</subfield><subfield code="1">006818237</subfield></datafield><datafield tag="974" ind1=" " ind2=" "><subfield code="b">MIU</subfield><subfield code="c">MIU</subfield><subfield code="d">20190719</subfield><subfield code="s">lit-dlps-dc</subfield><subfield code="u">mdp.39015079129873</subfield><subfield code="y">1848</subfield><subfield code="r">pd</subfield><subfield code="q">bib</subfield><subfield code="t">non-US bib date2 &lt; 1896</subfield></datafield></record></collection>